<?xml version="1.0" encoding="UTF-8"?><record xmlns="http://www.loc.gov/MARC21/slim" xmlns:cinclude="http://apache.org/cocoon/include/1.0" xmlns:zs="http://www.loc.gov/zing/srw/">
  <leader>00436nz  a2200133n  4500</leader>
  <controlfield tag="001">no2010187299</controlfield>
  <controlfield tag="003">DLC</controlfield>
  <controlfield tag="005">20101119075140.0</controlfield>
  <controlfield tag="008">101117n| acannaabn          |n aaa     c</controlfield>
  <datafield tag="010" ind1=" " ind2=" ">
    <subfield code="a">no2010187299</subfield>
  </datafield>
  <datafield tag="035" ind1=" " ind2=" ">
    <subfield code="a">(OCoLC)oca08689140</subfield>
  </datafield>
  <datafield tag="040" ind1=" " ind2=" ">
    <subfield code="a">IEN</subfield>
    <subfield code="b">eng</subfield>
    <subfield code="c">IEN</subfield>
  </datafield>
  <datafield tag="100" ind1="1" ind2=" ">
    <subfield code="a">Rohwer, Frank C.</subfield>
  </datafield>
  <datafield tag="670" ind1=" " ind2=" ">
    <subfield code="a">Blue-winged teal, c2002:</subfield>
    <subfield code="b">t.p. (Frank C. Rohwer) p. 35 (Associate Professor in Forestry, Wildlife, and Fisheries at Louisiana State University)</subfield>
  </datafield>
</record>